@misc{brummelsmith2023inferred,
      title={Inferred galaxy properties during Cosmic Dawn from early JWST photometry results}, 
      author={Corey Brummel-Smith and Danielle Skinner and Snigdaa S. Sethuram and John H. Wise and Bin Xia and Khushi Taori},
      year={2023},
      eprint={2302.04882},
      archivePrefix={arXiv},
      primaryClass={astro-ph.GA}
}
